<?xml version="1.0" encoding="UTF-8"?><collection xmlns="http://www.loc.gov/MARC21/slim"><record><leader>00478nam--2200157-u-4500</leader><controlfield tag="001">000056765</controlfield><controlfield tag="002">20190620</controlfield><controlfield tag="005">20190620045649</controlfield><controlfield tag="008">190620s1000------------r-----000-0-eng-d</controlfield><datafield ind1=" " ind2=" " tag="040"><subfield code="a">IFIN-HH</subfield></datafield><datafield ind1=" " ind2=" " tag="041"><subfield code="a">eng</subfield></datafield><datafield ind1="1" ind2=" " tag="100"><subfield code="a">Advanced Surface Engineering Division of AVS</subfield></datafield><datafield ind1="1" ind2="0" tag="245"><subfield code="a">International Conference on Metallurgical Coating &amp; Thin Films</subfield><subfield code="c">Advanced Surface Engineering Division of AVS</subfield></datafield><datafield ind1=" " ind2=" " tag="260"><subfield code="a">San Diego</subfield><subfield code="c">2017</subfield></datafield><datafield ind1=" " ind2=" " tag="852"><subfield code="a">82749</subfield><subfield code="c">061.3</subfield></datafield><datafield ind1=" " ind2=" " tag="CAT"><subfield code="a">SYS</subfield><subfield code="c">20190620</subfield><subfield code="h">045649</subfield></datafield></record></collection>